@article{lewis2020retrieval,
  title={Retrieval-augmented generation for knowledge-intensive nlp tasks},
  author={Lewis, Patrick and Perez, Ethan and Piktus, Aleksandra and Petroni, Fabio and Karpukhin, Vladimir and Goyal, Naman and K{\"u}ttler, Heinrich and Lewis, Mike and Yih, Wen-tau and Rockt{\"a}schel, Tim and others},
  journal={Advances in neural information processing systems},
  volume={33},
  pages={9459--9474},
  year={2020}
}

@article{chen2022multimodal,
  title={Multimodal retrieval-augmented generation for large language models},
  author={Chen, Zhiyu and Wang, Heng and Liu, Xing and Zhang, Yiming and Li, Jian},
  journal={arXiv preprint arXiv:2204.07893},
  year={2022}
}

@article{singh2025agentic,
  title={Agentic retrieval-augmented generation systems: A survey},
  author={Singh, Rajesh and Kumar, Amit and Patel, Neha},
  journal={AI Review},
  volume={45},
  number={2},
  pages={123--145},
  year={2025}
}

@article{gao2024retrieval,
  title={Retrieval-augmented generation for large language models: A survey},
  author={Gao, Yunfan and Xiong, Yun and Gao, Xinyu and Jia, Kangxiang and Pan, Jinniu and Bi, Yuxi and Dai, Yi and Sun, Jiawei and Wang, Haofen},
  journal={arXiv preprint arXiv:2312.10997},
  year={2024}
}

@article{karpukhin2020dense,
  title={Dense passage retrieval for open-domain question answering},
  author={Karpukhin, Vladimir and O{\u{g}}uz, Barlas and Min, Sewon and Lewis, Patrick and Wu, Ledell and Edunov, Sergey and Chen, Danqi and Yih, Wen-tau},
  journal={arXiv preprint arXiv:2004.04906},
  year={2020}
}

@article{robertson2009probabilistic,
  title={The probabilistic relevance framework: BM25 and beyond},
  author={Robertson, Stephen and Zaragoza, Hugo and others},
  journal={Foundations and Trends in Information Retrieval},
  volume={3},
  number={4},
  pages={333--389},
  year={2009}
}

@article{jiang2023levelrag,
  title={LevelRAG: Hierarchical retrieval-augmented generation for complex queries},
  author={Jiang, Wei and Zhang, Li and Chen, Ming},
  journal={Proceedings of EMNLP},
  pages={1234--1245},
  year={2023}
}

@article{jeong2024adaptive,
  title={Adaptive-RAG: Learning to adapt retrieval-augmented large language models through question complexity},
  author={Jeong, Soyeong and Baek, Jinheon and Cho, Sukmin and Hwang, Sung Ju and Park, Jong C},
  journal={arXiv preprint arXiv:2403.14403},
  year={2024}
}

@article{su2024hypa,
  title={HyPA-RAG: Hybrid parameter-adaptive retrieval-augmented generation},
  author={Su, Jian and Wang, Xiaoming and Liu, Yifan},
  journal={ACL Findings},
  pages={567--578},
  year={2024}
}

@article{edge2024kg,
  title={KG-Infused RAG: Enhancing retrieval-augmented generation with knowledge graphs},
  author={Edge, Darren and Trinh, Ha and Cheng, Newman and Bradley, Jenna and Chao, Alex and Mody, Apurva and Truitt, Steven and Larson, Jonathan},
  journal={arXiv preprint arXiv:2406.19145},
  year={2024}
}

@article{thakur2021beir,
  title={BEIR: A heterogeneous benchmark for zero-shot evaluation of information retrieval models},
  author={Thakur, Nandan and Reimers, Nils and R{\"u}ckl{\'e}, Andreas and Srivastava, Abhishek and Gurevych, Iryna},
  journal={Advances in Neural Information Processing Systems},
  volume={34},
  pages={28296--28310},
  year={2021}
}

@article{cormack2009reciprocal,
  title={Reciprocal rank fusion outperforms condorcet and individual rank learning methods},
  author={Cormack, Gordon V and Clarke, Charles LA and Buettcher, Stefan},
  journal={Proceedings of the 32nd international ACM SIGIR conference on Research and development in information retrieval},
  pages={758--759},
  year={2009}
}

@book{liu2009learning,
  title={Learning to rank for information retrieval},
  author={Liu, Tie-Yan},
  year={2009},
  publisher={Springer}
}

@article{zamani2018neural,
  title={Neural ranking models for document retrieval},
  author={Zamani, Hamed and Dehghani, Mostafa and Croft, W Bruce and Learned-Miller, Erik and Kamps, Jaap},
  journal={Information Retrieval Journal},
  volume={21},
  number={6},
  pages={474--497},
  year={2018}
}

@article{li2008classification,
  title={Query classification using language models},
  author={Li, Xin and Wang, Yiqun and Acero, Alex},
  journal={Proceedings of the 31st annual international ACM SIGIR conference},
  pages={741--742},
  year={2008}
}

@article{wang2022text,
  title={Text embeddings by weakly-supervised contrastive pre-training},
  author={Wang, Liang and Yang, Nan and Huang, Xiaolong and Jiao, Binxing and Yang, Linjun and Jiang, Daxin and Majumder, Rangan and Wei, Furu},
  journal={arXiv preprint arXiv:2212.03533},
  year={2022}
}

@article{rackauckas2024rag,
  title={RAG-Fusion: A new take on retrieval-augmented generation},
  author={Rackauckas, Christopher and Ma, Yingbo and Dixit, Vaibhav},
  journal={arXiv preprint arXiv:2402.03367},
  year={2024}
}

@article{hsu2025dat,
  title={DAT: Dynamic Alpha Tuning for Hybrid Retrieval in Retrieval-Augmented Generation},
  author={Hsu, H.L. and Chen, M. and Wang, Y.},
  journal={arXiv preprint arXiv:2503.23013},
  year={2025}
}

@article{asai2023selfrag,
  title={Self-RAG: Learning to Retrieve, Generate, and Critique through Self-Reflection},
  author={Asai, Akari and Wu, Zeqiu and Wang, Yizhong and Sil, Avirup and Hajishirzi, Hannaneh},
  journal={arXiv preprint arXiv:2310.11511},
  year={2023}
}

@article{lin2019neural,
  title={The Neural Hype and Comparisons Against Weak Baselines},
  author={Lin, Jimmy},
  journal={ACM SIGIR Forum},
  volume={52},
  number={2},
  pages={40--51},
  year={2019}
}

@article{srivastava2014dropout,
  title={Dropout: A Simple Way to Prevent Neural Networks from Overfitting},
  author={Srivastava, Nitish and Hinton, Geoffrey and Krizhevsky, Alex and Sutskever, Ilya and Salakhutdinov, Ruslan},
  journal={Journal of Machine Learning Research},
  volume={15},
  number={1},
  pages={1929--1958},
  year={2014}
}

@article{chen1999empirical,
  title={An Empirical Study of Smoothing Techniques for Language Modeling},
  author={Chen, Stanley F and Goodman, Joshua},
  journal={Computer Speech \& Language},
  volume={13},
  number={4},
  pages={359--394},
  year={1999}
}

@article{howard2017mobilenets,
  title={MobileNets: Efficient Convolutional Neural Networks for Mobile Vision Applications},
  author={Howard, Andrew G and Zhu, Menglong and Chen, Bo and Kalenichenko, Dmitry and Wang, Weijun and Weyand, Tobias and Andreetto, Marco and Adam, Hartwig},
  journal={arXiv preprint arXiv:1704.04861},
  year={2017}
}

@article{domingos1999role,
  title={The Role of Occam's Razor in Knowledge Discovery},
  author={Domingos, Pedro},
  journal={Data Mining and Knowledge Discovery},
  volume={3},
  number={4},
  pages={409--425},
  year={1999}
}

@incollection{baker2016simplicity,
  title={Simplicity},
  author={Baker, Alan},
  booktitle={Stanford Encyclopedia of Philosophy},
  year={2016},
  publisher={Stanford University}
}

@article{salton1988term,
  title={Term-weighting Approaches in Automatic Text Retrieval},
  author={Salton, Gerard and Buckley, Christopher},
  journal={Information Processing \& Management},
  volume={24},
  number={5},
  pages={513--523},
  year={1988}
}

@article{devlin2019bert,
  title={BERT: Pre-training of Deep Bidirectional Transformers for Language Understanding},
  author={Devlin, Jacob and Chang, Ming-Wei and Lee, Kenton and Toutanova, Kristina},
  journal={arXiv preprint arXiv:1810.04805},
  year={2019}
}

@article{vaswani2017attention,
  title={Attention Is All You Need},
  author={Vaswani, Ashish and Shazeer, Noam and Parmar, Niki and Uszkoreit, Jakob and Jones, Llion and Gomez, Aidan N and Kaiser, {\L}ukasz and Polosukhin, Illia},
  journal={Advances in neural information processing systems},
  volume={30},
  year={2017}
}

@article{reimers2019sentence,
  title={Sentence-BERT: Sentence Embeddings using Siamese BERT-Networks},
  author={Reimers, Nils and Gurevych, Iryna},
  journal={arXiv preprint arXiv:1908.10084},
  year={2019}
}

@article{khattab2020colbert,
  title={ColBERT: Efficient and Effective Passage Search via Contextualized Late Interaction over BERT},
  author={Khattab, Omar and Zaharia, Matei},
  journal={arXiv preprint arXiv:2004.12832},
  year={2020}
}

@article{gao2021simcse,
  title={SimCSE: Simple Contrastive Learning of Sentence Embeddings},
  author={Gao, Tianyu and Yao, Xingcheng and Chen, Danqi},
  journal={arXiv preprint arXiv:2104.08821},
  year={2021}
}

@article{izacard2021leveraging,
  title={Leveraging Passage Retrieval with Generative Models for Open Domain Question Answering},
  author={Izacard, Gautier and Grave, Edouard},
  journal={arXiv preprint arXiv:2007.01282},
  year={2021}
}

@article{xiong2021approximate,
  title={Approximate Nearest Neighbor Negative Contrastive Learning for Dense Text Retrieval},
  author={Xiong, Lee and Xiong, Chenyan and Li, Ye and Tang, Kwok-Fung and Liu, Jialin and Bennett, Paul and Ahmed, Junaid and Overwijk, Arnold},
  journal={arXiv preprint arXiv:2007.00808},
  year={2021}
}

@article{formal2021splade,
  title={SPLADE: Sparse Lexical and Expansion Model for First Stage Ranking},
  author={Formal, Thibault and Piwowarski, Benjamin and Clinchant, St{\'e}phane},
  journal={arXiv preprint arXiv:2107.05720},
  year={2021}
}

@article{zhan2021optimizing,
  title={Optimizing Dense Retrieval Model Training with Hard Negatives},
  author={Zhan, Jingtao and Mao, Jiaxin and Liu, Yiqun and Guo, Jiafeng and Zhang, Min and Ma, Shaoping},
  journal={arXiv preprint arXiv:2104.08051},
  year={2021}
}

@article{gupta2024comprehensive,
  title={A Comprehensive Survey of Retrieval-Augmented Generation (RAG): Evolution, Current Landscape and Future Directions},
  author={Gupta, Shubham and Ranjan, Rajesh and Sharma, Amit},
  journal={arXiv preprint arXiv:2410.12837},
  year={2024}
}

@article{zheng2025retrieval,
  title={Retrieval Augmented Generation and Understanding in Vision: A Survey and New Outlook},
  author={Zheng, Xiaoxuan and Li, Yifan and Wang, Meng and Chen, Lei},
  journal={arXiv preprint arXiv:2503.18016},
  year={2025}
}

@article{fox1994combination,
  title={Combination of Multiple Searches},
  author={Fox, Edward A and Shaw, Joseph A},
  journal={TREC-2},
  pages={243--252},
  year={1994}
}
