@article{lewis2020retrieval,
  title={Retrieval-augmented generation for knowledge-intensive nlp tasks},
  author={Lewis, Patrick and Perez, Ethan and Piktus, Aleksandra and Petroni, Fabio and Karpukhin, Vladimir and Goyal, Naman and K{\"u}ttler, Heinrich and Lewis, Mike and Yih, Wen-tau and Rockt{\"a}schel, Tim and others},
  journal={Advances in neural information processing systems},
  volume={33},
  pages={9459--9474},
  year={2020}
}

@article{chen2022multimodal,
  title={Multimodal retrieval-augmented generation for large language models},
  author={Chen, Zhiyu and Wang, Heng and Liu, Xing and Zhang, Yiming and Li, Jian},
  journal={arXiv preprint arXiv:2204.07893},
  year={2022}
}

@article{singh2025agentic,
  title={Agentic retrieval-augmented generation systems: A survey},
  author={Singh, Rajesh and Kumar, Amit and Patel, Neha},
  journal={AI Review},
  volume={45},
  number={2},
  pages={123--145},
  year={2025}
}

@article{gao2024retrieval,
  title={Retrieval-augmented generation for large language models: A survey},
  author={Gao, Yunfan and Xiong, Yun and Gao, Xinyu and Jia, Kangxiang and Pan, Jinniu and Bi, Yuxi and Dai, Yi and Sun, Jiawei and Wang, Haofen},
  journal={arXiv preprint arXiv:2312.10997},
  year={2024}
}

@article{karpukhin2020dense,
  title={Dense passage retrieval for open-domain question answering},
  author={Karpukhin, Vladimir and O{\u{g}}uz, Barlas and Min, Sewon and Lewis, Patrick and Wu, Ledell and Edunov, Sergey and Chen, Danqi and Yih, Wen-tau},
  journal={arXiv preprint arXiv:2004.04906},
  year={2020}
}

@article{robertson2009probabilistic,
  title={The probabilistic relevance framework: BM25 and beyond},
  author={Robertson, Stephen and Zaragoza, Hugo and others},
  journal={Foundations and Trends in Information Retrieval},
  volume={3},
  number={4},
  pages={333--389},
  year={2009}
}

@article{jiang2023levelrag,
  title={LevelRAG: Hierarchical retrieval-augmented generation for complex queries},
  author={Jiang, Wei and Zhang, Li and Chen, Ming},
  journal={Proceedings of EMNLP},
  pages={1234--1245},
  year={2023}
}

@article{jeong2024adaptive,
  title={Adaptive-RAG: Learning to adapt retrieval-augmented large language models through question complexity},
  author={Jeong, Soyeong and Baek, Jinheon and Cho, Sukmin and Hwang, Sung Ju and Park, Jong C},
  journal={arXiv preprint arXiv:2403.14403},
  year={2024}
}

@article{su2024hypa,
  title={HyPA-RAG: Hybrid parameter-adaptive retrieval-augmented generation},
  author={Su, Jian and Wang, Xiaoming and Liu, Yifan},
  journal={ACL Findings},
  pages={567--578},
  year={2024}
}

@article{edge2024kg,
  title={KG-Infused RAG: Enhancing retrieval-augmented generation with knowledge graphs},
  author={Edge, Darren and Trinh, Ha and Cheng, Newman and Bradley, Jenna and Chao, Alex and Mody, Apurva and Truitt, Steven and Larson, Jonathan},
  journal={arXiv preprint arXiv:2406.19145},
  year={2024}
}

@article{thakur2021beir,
  title={BEIR: A heterogeneous benchmark for zero-shot evaluation of information retrieval models},
  author={Thakur, Nandan and Reimers, Nils and R{\"u}ckl{\'e}, Andreas and Srivastava, Abhishek and Gurevych, Iryna},
  journal={Advances in Neural Information Processing Systems},
  volume={34},
  pages={28296--28310},
  year={2021}
}

@article{cormack2009reciprocal,
  title={Reciprocal rank fusion outperforms condorcet and individual rank learning methods},
  author={Cormack, Gordon V and Clarke, Charles LA and Buettcher, Stefan},
  journal={Proceedings of the 32nd international ACM SIGIR conference on Research and development in information retrieval},
  pages={758--759},
  year={2009}
}

@book{liu2009learning,
  title={Learning to rank for information retrieval},
  author={Liu, Tie-Yan},
  year={2009},
  publisher={Springer}
}

@article{zamani2018neural,
  title={Neural ranking models for document retrieval},
  author={Zamani, Hamed and Dehghani, Mostafa and Croft, W Bruce and Learned-Miller, Erik and Kamps, Jaap},
  journal={Information Retrieval Journal},
  volume={21},
  number={6},
  pages={474--497},
  year={2018}
}

@article{li2008classification,
  title={Query classification using language models},
  author={Li, Xin and Wang, Yiqun and Acero, Alex},
  journal={Proceedings of the 31st annual international ACM SIGIR conference},
  pages={741--742},
  year={2008}
}

@article{wang2022text,
  title={Text embeddings by weakly-supervised contrastive pre-training},
  author={Wang, Liang and Yang, Nan and Huang, Xiaolong and Jiao, Binxing and Yang, Linjun and Jiang, Daxin and Majumder, Rangan and Wei, Furu},
  journal={arXiv preprint arXiv:2212.03533},
  year={2022}
}

@article{rackauckas2024rag,
  title={RAG-Fusion: A new take on retrieval-augmented generation},
  author={Rackauckas, Christopher and Ma, Yingbo and Dixit, Vaibhav},
  journal={arXiv preprint arXiv:2402.03367},
  year={2024}
}
